<record><leader>00000cas a2200000 a 4500</leader><controlfield tag="001">10426791</controlfield><controlfield tag="008">840217d18661979meudn ne      0    0eng c</controlfield><datafield ind1=" " ind2=" " tag="010"><subfield code="a">sn 84022486 </subfield></datafield><datafield ind1=" " ind2=" " tag="040"><subfield code="a">NPX</subfield><subfield code="b">eng</subfield><subfield code="c">NPX</subfield><subfield code="d">NPU</subfield><subfield code="d">DLC</subfield><subfield code="d">NPV</subfield><subfield code="d">MGN</subfield><subfield code="d">MBN</subfield><subfield code="d">OCLCQ</subfield><subfield code="d">DLC</subfield><subfield code="d">OCLCG</subfield><subfield code="d">OCLCQ</subfield><subfield code="d">OCLCF</subfield><subfield code="d">OCLCO</subfield></datafield><datafield ind1="1" ind2=" " tag="029"><subfield code="a">AU@</subfield><subfield code="b">000020336059</subfield></datafield><datafield ind1=" " ind2=" " tag="042"><subfield code="a">pcc</subfield></datafield><datafield ind1=" " ind2=" " tag="043"><subfield code="a">n-us-me</subfield></datafield><datafield ind1="0" ind2="0" tag="050"><subfield code="a">Newspaper</subfield></datafield><datafield ind1="0" ind2="0" tag="245"><subfield code="a">Lewiston evening journal.</subfield></datafield><datafield ind1="1" ind2="3" tag="246"><subfield code="a">Evening journal</subfield></datafield><datafield ind1="3" ind2="0" tag="246"><subfield code="a">Lewiston journal</subfield></datafield><datafield ind1="3" ind2="0" tag="246"><subfield code="a">Lewiston Saturday journal</subfield></datafield><datafield ind1=" " ind2=" " tag="260"><subfield code="a">Lewiston, Me. :</subfield><subfield code="b">N. Dingley, Jr. &amp; Co.,</subfield><subfield code="c">1866-1979.</subfield></datafield><datafield ind1=" " ind2=" " tag="300"><subfield code="a">114 v. :</subfield><subfield code="b">ill. ;</subfield><subfield code="c">60 cm.</subfield></datafield><datafield ind1=" " ind2=" " tag="310"><subfield code="a">Daily (except Sunday)</subfield></datafield><datafield ind1="0" ind2=" " tag="362"><subfield code="a">Vol. 6 (Oct. 11, 1866)-v. 119 (Oct. 13, 1979).</subfield></datafield><datafield ind1=" " ind2=" " tag="500"><subfield code="a">Published on Saturday as: Lewiston Saturday journal, 1877-1920.</subfield></datafield><datafield ind1=" " ind2=" " tag="500"><subfield code="a">Issued a weekly magazine section, 1899-</subfield></datafield><datafield ind1=" " ind2=" " tag="500"><subfield code="a">Editors: N. Dingley, Jr., 1866-&lt;1876&gt;; F.L. Dingley, 1866-1918.</subfield></datafield><datafield ind1=" " ind2=" " tag="530"><subfield code="a">Also issued from the Library of Congress, Photoduplication Service.</subfield></datafield><datafield ind1=" " ind2=" " tag="580"><subfield code="a">Weekly ed.: Lewiston weekly journal, 1866-1925.</subfield></datafield><datafield ind1=" " ind2="0" tag="651"><subfield code="a">Lewiston (Me.)</subfield><subfield code="v">Newspapers.</subfield></datafield><datafield ind1=" " ind2="0" tag="651"><subfield code="a">Auburn (Me.)</subfield><subfield code="v">Newspapers.</subfield></datafield><datafield ind1=" " ind2="7" tag="655"><subfield code="a">Newspapers.</subfield><subfield code="2">fast</subfield><subfield code="0">(OCoLC)fst01423814</subfield></datafield><datafield ind1=" " ind2="7" tag="651"><subfield code="a">Maine</subfield><subfield code="z">Auburn.</subfield><subfield code="2">fast</subfield><subfield code="0">(OCoLC)fst01222169</subfield></datafield><datafield ind1=" " ind2="7" tag="651"><subfield code="a">Maine</subfield><subfield code="z">Lewiston.</subfield><subfield code="2">fast</subfield><subfield code="0">(OCoLC)fst01220199</subfield></datafield><datafield ind1="1" ind2=" " tag="700"><subfield code="a">Dingley, Nelson,</subfield><subfield code="d">1832-1899.</subfield></datafield><datafield ind1="1" ind2=" " tag="700"><subfield code="a">Dingley, Frank Lambert,</subfield><subfield code="d">1840-1918.</subfield></datafield><datafield ind1=" " ind2=" " tag="752"><subfield code="a">United States</subfield><subfield code="b">Maine</subfield><subfield code="c">Androscoggin</subfield><subfield code="d">Lewiston.</subfield></datafield><datafield ind1=" " ind2=" " tag="752"><subfield code="a">United States</subfield><subfield code="b">Maine</subfield><subfield code="c">Androscoggin</subfield><subfield code="d">Auburn.</subfield></datafield><datafield ind1="1" ind2=" " tag="775"><subfield code="t">Lewiston weekly journal</subfield><subfield code="w">(DLC)sn 84022487</subfield></datafield><datafield ind1="0" ind2="0" tag="780"><subfield code="t">Lewiston daily evening journal</subfield><subfield code="w">(DLC)sn 83009624</subfield></datafield><datafield ind1="0" ind2="0" tag="785"><subfield code="t">Lewiston journal</subfield><subfield code="w">(DLC)sn 83009625</subfield></datafield></record>